% TODO: v tomto subore uvedte BibTex zaznamy pre pouzite zdroje

@book{Karel1995,
  title={Handbook of Face Recognition},
  author={ Stan Z. Li{,} Anil Kumar Jain},
  year={2005},
  publisher={Springer}
}

@book{Karel1996,
  title={Face Recognition: Methods, Applications and Technology},
  author={Adamo Quaglia},
  year={2012},
  publisher={Nova}
}



@misc{Karolpp,
  title = {Face Detection through teplate matching and color segmentation},
  howpublished = {[online] Dostupné na internete: \url{https://web.stanford.edu/class/ee368/Project_03/Project/reports/ee368group04.pdf}},
  note = {Citované: 2018-02-04}
}
